@article{zheng2012,
  author = {Wenjing Zheng and Mark J. van der Laan},
  doi = {doi:10.2202/1557-4679.1361},
  url = {https://doi.org/10.2202/1557-4679.1361},
  title = {Targeted Maximum Likelihood Estimation of Natural Direct Effects},
  journal = {The International Journal of Biostatistics},
  number = {1},
  volume = {8},
  year = {2012},
  pages = {1--40}
}

@techreport{tchetgen2011,
  author = {{Tchetgen Tchetgen}, Eric J and Shpitser, Ilya},
  title = {Semiparametric Estimation of Models for Natural Direct and Indirect Effects},
  series = {Harvard University Biostatistics Working Paper Series},
  type = {Working Paper},
  number = {129},
  year = {2011},
  institution = {Harvard University},
  URL = {https://biostats.bepress.com/harvardbiostat/paper129/}
}
